<record><leader>00000cas a2200000 a 4500</leader><controlfield tag="001">17537442</controlfield><controlfield tag="008">880225d19151923wauwr ne      0    0eng d</controlfield><datafield ind1=" " ind2=" " tag="010"><subfield code="a">sn 88085537 </subfield></datafield><datafield ind1=" " ind2=" " tag="040"><subfield code="a">SLZ</subfield><subfield code="b">eng</subfield><subfield code="c">SLZ</subfield><subfield code="d">WAU</subfield><subfield code="d">OCL</subfield><subfield code="d">OCLCQ</subfield><subfield code="d">OCLCF</subfield><subfield code="d">OCLCO</subfield></datafield><datafield ind1="1" ind2=" " tag="029"><subfield code="a">AU@</subfield><subfield code="b">000025819825</subfield></datafield><datafield ind1=" " ind2=" " tag="042"><subfield code="a">msc</subfield></datafield><datafield ind1=" " ind2=" " tag="043"><subfield code="a">n-us-wa</subfield></datafield><datafield ind1="0" ind2="0" tag="245"><subfield code="a">Charleston American.</subfield></datafield><datafield ind1="3" ind2="0" tag="246"><subfield code="a">American</subfield></datafield><datafield ind1="3" ind2="0" tag="246"><subfield code="a">Charleston American and the Bremertonian</subfield></datafield><datafield ind1=" " ind2=" " tag="260"><subfield code="a">Charleston, Wash. :</subfield><subfield code="b">J.W. Bryan</subfield></datafield><datafield ind1=" " ind2=" " tag="300"><subfield code="a">v.</subfield></datafield><datafield ind1=" " ind2=" " tag="310"><subfield code="a">Weekly</subfield></datafield><datafield ind1="0" ind2=" " tag="362"><subfield code="a">-v. 20, no. 22 (Oct. 26, 1923).</subfield></datafield><datafield ind1=" " ind2=" " tag="500"><subfield code="a">Some issues also called: The American.</subfield></datafield><datafield ind1=" " ind2=" " tag="500"><subfield code="a">Issues for &lt;Aug. 3&gt;-Oct. 26, 1923 also called: Charleston American and the Bremertonian.</subfield></datafield><datafield ind1=" " ind2=" " tag="588"><subfield code="a">Description based on: Vol. 12, no. 31 (Dec. 7, 1915).</subfield></datafield><datafield ind1=" " ind2="0" tag="651"><subfield code="a">Bremerton (Wash.)</subfield><subfield code="v">Newspapers.</subfield></datafield><datafield ind1=" " ind2="7" tag="655"><subfield code="a">Newspapers.</subfield><subfield code="2">fast</subfield><subfield code="0">(OCoLC)fst01423814</subfield></datafield><datafield ind1=" " ind2="7" tag="651"><subfield code="a">Washington (State)</subfield><subfield code="z">Bremerton.</subfield><subfield code="2">fast</subfield><subfield code="0">(OCoLC)fst01215424</subfield></datafield><datafield ind1=" " ind2=" " tag="752"><subfield code="a">United States</subfield><subfield code="b">Washington</subfield><subfield code="c">Kitsap</subfield><subfield code="d">Bremerton.</subfield></datafield><datafield ind1="0" ind2="6" tag="780"><subfield code="t">Charleston record (Bremerton, Wash. : 1915)</subfield><subfield code="w">(DLC)sn 88085538</subfield></datafield><datafield ind1="0" ind2="0" tag="785"><subfield code="t">American (Bremerton, Wash. : 1923)</subfield><subfield code="w">(DLC)sn 88085536</subfield><subfield code="w">(OCoLC)17537420</subfield></datafield></record>